@Article{Stirr,
  author = {J.-L.Thiffeault and S.Childress},
  title = {Stirring by swimming bodies},
  journal = {Physics Letters},
  year = {2010},
  OPTkey = {},
  volume = {374},
  number = {34},
  pages = {3487-3490},
  OPTmonth = {},
  OPTnote = {},
  OPTannote = {}
}

@Article{Role,
  author = {J.O.Dabiri},
  title = {Role of vertical migration in biogenic ocean mixing},
  journal = {Geophysical research letters},
  year = {2010},
  OPTkey = 	 {},
  volume = {37},
  number = {11},
  OPTpages = 	 {},
  OPTmonth = 	 {},
  OPTnote = 	 {},
  OPTannote = 	 {}
}

@Article{Observe,
  author = {E.Kunzw and J.F.Dower and I.Beveridge and R.Dewey and K.P.Bartlett},
  title = {Obervations of biologically generated turbulence in a coastal inlet},
  journal = {Science},
  year = 	 {2006},
  OPTkey = 	 {},
  volume = 	 {313},
  number = 	 {5794},
  pages = 	 {1768-1770},
  OPTmonth = 	 {},
  OPTnote = 	 {},
  OPTannote = 	 {}
}

@Article{Do,
  author = 	 {A.Leshansky and L.Pismen},
  title = 	 {Do small swimmers mix the ocean},
  journal = 	 {Physical review},
  year = 	 {2010},
  OPTkey = 	 {},
  volume = 	 {82},
  number = 	 {2},
  OPTpages = 	 {},
  OPTmonth = 	 {},
  OPTnote = 	 {},
  OPTannote = 	 {}
}

@Article{Biomix,
  author = 	 {A.W.Visser},
  title = 	 {Biomixing of the oceans},
  journal = 	 {SCIENCE-NEW YORK THEN WASHINGTON},
  year = 	 {2007},
  OPTkey = 	 {},
  volume = 	 {316},
  number = 	 {5826},
  pages = 	 {838},
  OPTmonth = 	 {},
  OPTnote = 	 {},
  OPTannote = 	 {}
}



@Article{Influ,
  author = 	 {M.E.Huntley and M.Zhou},
  title = 	 {Influence of animals on turbulence in the sea},
  journal = 	 {Marine Ecology Progress Series},
  year = 	 {2004},
  OPTkey = 	 {},
  volume = 	 {273},
  OPTnumber = 	 {},
  pages = 	 {65-79},
  OPTmonth = 	 {},
  OPTnote = 	 {},
  OPTannote = 	 {}
}
@Article{Turbu,
  author = 	 {M.C.Gregg and J.K.Horne},
  title = 	 {Turbulence, acoustic backscatter, and pelagicnekton in monterey bay},
  journal = 	 {Journal of Physical Oceanography},
  year = 	 {2009},
  OPTkey = 	 {},
  volume = 	 {39},
  number = 	 {5},
  pages = 	 {1097-1114},
  OPTmonth = 	 {},
  OPTnote = 	 {},
  OPTannote = 	 {}
}

@Article{Enhance,
  author = 	 {A.Morozov and D.Marenduzzo},
  title = 	 {Enhanced diffusion of tracer particles in dilute bacterial suspensions},
  journal = 	 {Soft matter},
  year = 	 {2014},
  OPTkey = 	 {},
  volume = 	 {10},
  number = 	 {16},
  pages = 	 {2748-2758},
  OPTmonth = 	 {},
  OPTnote = 	 {},
  OPTannote = 	 {}
}

@Article{Dynamics,
  author = 	 {K.C.Leptos and J.S.Guasto and J.P.Gollub and A.I.Pesci and R.E.Goldstein},
  title = 	 {Dynamics of enhanced tracer diffusion in suspensions of swimming eukaryotic microorganisms},
  journal = 	 {Physical Review Letters},
  year = 	 {2009},
  OPTkey = 	 {},
  volume = 	 {103},
  number = 	 {19},
  OPTpages = 	 {},
  OPTmonth = 	 {},
  OPTnote = 	 {},
  OPTannote = 	 {}
}

@Article{Fluid,
  author = 	 {T.Ishikawa and J.Locsei and T.Pedley},
  title = 	 {Fluid particle diffusion in a semidilute suspension of model micro-organisms},
  journal = 	 {Physical Review},
  year = 	 {2010},
  OPTkey = 	 {},
  volume = 	 {82},
  number = 	 {2},
  OPTpages = 	 {},
  OPTmonth = 	 {},
  OPTnote = 	 {},
  OPTannote = 	 {}
}

@Article{Self-conce,
  author = 	 {C.Dombrowski and L.Cisneros and S.Chatkaew and R.E.Goldstein and J.O.Kessler},
  title = 	 {Self-concentration and large-scale coherence in bacterial dynamics},
  journal = 	 {Physical Review Letters},
  year = 	 {2004},
  OPTkey = 	 {},
  Tvolume = 	 {93},
  Tnumber = 	 {9},
  OPTpages = 	 {},
  OPTmonth = 	 {},
  OPTnote = 	 {},
  OPTannote =    {},
}

  
@Article{OnThe,
  author = 	 {J.C.Maxwell},
  title = 	 {On the displacement in a case of fluid motion},
  journal = 	 {},
  year = 	 {1869},
  OPTkey = 	 {},
  volume = 	 {sl-3},
  number = 	 {1},
  pages = 	 {82-87},
  OPTmonth = 	 {},
  OPTnote = 	 {},
  OPTannote = 	 {}
}

@Article{Onthedispacement,
  author = 	 {C.Darwin},
  title = 	 {Note on hydrodynamics},
  journal = 	 {Mathematical Proceedings of the Cambridge Philosophical Society},
  year = 	 {1953},
  OPTkey = 	 {},
  volume = 	 {49},
  number = 	 {02},
  OPTpages = 	 {},
  OPTmonth = 	 {},
  OPTnote = 	 {},
  OPTannote = 	 {}
}

@Article{Aviscosity,
  author = 	 {K.Katija and J.O.Dabiri},
  title = 	 {A viscosity-enhanced mechanism for biogenic ocean mixing},
  journal = 	 {Nature},
  year = 	 {2009},
  OPTkey = 	 {},
  volume = 	 {460},
  number = 	 {7255},
  pages = 	 {624-626},
  OPTmonth = 	 {},
  OPTnote = 	 {},
  OPTannote = 	 {}
}

@Article{Drift,
  author = 	 {I.Eames and S.Belcher and J.Hunt},
  title = 	 {Drift, partial drift and darwin's proposition},
  journal = 	 {Journal of Fluid Mechanics},
  year = 	 {1994},
  OPTkey = 	 {},
  volume = 	 {275},
  OPTnumber = 	 {},
  pages = 	 {201-223},
  OPTmonth = 	 {},
  OPTnote = 	 {},
  OPTannote = 	 {}
}

@Article{FluidDispace,
  author = 	 {I.Eames and D.Gobby and S.Dalziel},
  title = 	 {Fluid diplacement by stokes flow past a spherical droplet},
  journal = 	 {Journal of Fluid Mechanics},
  year = 	 {2003},
  OPTkey = 	 {},
  volume = 	 {485},
  OPTnumber = 	 {},
  OPTpages = 	 {},
  OPTmonth = 	 {},
  OPTnote = 	 {},
  OPTannote = 	 {}
}
@Article{Fluidtransport,
  author = 	 {D.O.Pushkin and H.Shum and J.M.Yeomans},
  title = 	 {Fluid transport by individual microswimmers},
  journal = 	 {Journal of Fluid Mechanics},
  year = 	 {2013},
  OPTkey = 	 {},
  volume = 	 {726},
  OPTnumber = 	 {},
  OPTpages = 	 {},
  OPTmonth = 	 {},
  OPTnote = 	 {},
  OPTannote = 	 {}
}

@Article{squirments,
  author = 	 {Z.Lin and J.-L.Thiffeault and S.Childress},
  title = 	 {Stirring by squirments},
  journal = 	 {Journal of Fluid Mechanics},
  year = 	 {2011},
  OPTkey = 	 {},
  volume = 	 {699},
  OPTnumber = 	 {},
  pages = 	 {167-177},
  OPTmonth = 	 {},
  OPTnote = 	 {},
  OPTannote = 	 {}
}

@Article{EnhancedDiffusion,
  author = 	 {A.Jepson and V.A.Martinez and J.Schwartz-Linek and A.Morozov and W.C.Poon},
  title = 	 {Enhanced diffusion of nonswimmers in a three-dimensional bath of motile bacteria},
  journal = 	 {Journal of Fluid Mechanics},
  year = 	 {2013},
  OPTkey = 	 {},
  volume = 	 {729},
  OPTnumber = 	 {},
  pages = 	 {423-444},
  OPTmonth = 	 {},
  OPTnote = 	 {},
  OPTannote = 	 {}
}

@Article{Induced,
  author = 	 {G.Mino and J.Sunstan and A.Rousselet and E.Clement and R.Soto},
  title = 	 {Induced diffusion of tracers in a bacterial suspension: theory and experiments},
  journal = 	 {Journal of Fluid Mechanics},
  year = 	 {2013},
  OPTkey = 	 {},
  volume = 	 {729},
  OPTnumber = 	 {},
  OPTpages = 	 {},
  OPTmonth = 	 {},
  OPTnote = 	 {},
  OPTannote = 	 {}
}

@Article{Hydrodynamic,
  author = 	 {T.Kasyap and D.L.Koch and M.Wu},
  title = 	 {Hydrodynamic tracer diffusion in suspensions of swimming bacteria},
  journal = 	 {Physics of Fluids},
  year = 	 {2014},
  OPTkey = 	 {},
  volume = 	 {26},
  number = 	 {8},
  OPTpages = 	 {},
  OPTmonth = 	 {},
  OPTnote = 	 {},
  OPTannote = 	 {}
}

@Article{SelfPropelling,
  author = 	 {T.-C.Lee and M.Alarcon-Correa and C.Miksch and K.Hahn and J.G.Gibbs and P.Fischer},
  title = 	 {Self-propelling nanomotors in the presence of strong brownian forces},
  journal = 	 {Nano letters},
  year = 	 {2014},
  OPTkey = 	 {},
  volume = 	 {14},
  number = 	 {5},
  OPTpages = 	 {},
  OPTmonth = 	 {},
  OPTnote = 	 {},
  OPTannote = 	 {}
}

@Article{Bacterial,
  author = 	 {R.R.Trivedi and R.Maeda and N.L.Abbott and S.E.Spagnolie and D.B.Weibel},
  title = 	 {Bacterial transport of colloids in liquid crystalline environments},
  journal = 	 {Soft matter},
  year = 	 {2015},
  OPTkey = 	 {},
  volume = 	 {11},
  number = 	 {43},
  pages = 	 {8404-8408},
  OPTmonth = 	 {},
  OPTnote = 	 {},
  OPTannote = 	 {}
}

@Article{Concentration,
  author = 	 {A.Sokolov and I.S.Aranson and J.O.Kessler and R.E.Goldstein},
  title = 	 {Concentration dependence of the collective dynamics of swimming bacteria},
  journal = 	 {Physical Review},
  year = 	 {2007},
  OPTkey = 	 {},
  volume = 	 {98},
  number = 	 {15},
  OPTpages = 	 {},
  OPTmonth = 	 {},
  OPTnote = 	 {},
  OPTannote = 	 {}
}

@Article{SwimStress,
  author = 	 {S.C.Takatori and J.F.Brady},
  title = 	 {Swim stress, motion and deformation of active matter: effec of an external field},
  journal = 	 {Soft matter},
  year = 	 {2014},
  OPTkey = 	 {},
  volume = 	 {10},
  number = 	 {47},
  OPTpages = 	 {},
  OPTmonth = 	 {},
  OPTnote = 	 {},
  OPTannote = 	 {}
}


@Article{Distribution,
  author = 	 {J.-L.Thiffeault},
  title = 	 {Distribution of particle displacements due to swimming microorganisms},
  journal = 	 {Physical Review},
  year = 	 {2015},
  OPTkey = 	 {},
  volume = 	 {92},
  number = 	 {2},
  OPTpages = 	 {},
  OPTmonth = 	 {},
  OPTnote = 	 {},
  OPTannote = 	 {}
}

@Article{BiogenicInputs,
  author = 	 {K.Katija},
  title = 	 {Biogenic inputs to ocean mixing},
  journal = 	 {The Journal of experimental biology},
  year = 	 {2012},
  OPTkey = 	 {},
  volume = 	 {215},
  number = 	 {6},
  pages = 	 {1040-1049},
  OPTmonth = 	 {},
  OPTnote = 	 {},
  OPTannote = 	 {}
}

@Article{ParticleDiffusion,
  author = 	 {X.-L.Wu and A.Libchaber},
  title = 	 {Particle diffusion in a quasi-two-dimensional bacterial bath},
  journal = 	 {Physical Review Letters},
  year = 	 {2000},
  OPTkey = 	 {},
  OPTvolume = 	 {84},
  OPTnumber = 	 {13},
  OPTpages = 	 {},
  OPTmonth = 	 {},
  OPTnote = 	 {},
  OPTannote = 	 {}
}

@Article{DiffusionColloidal,
  author = 	 {J.J.Molina and R.Yamamoto},
  title = 	 {Diffusion of colloidal particles in swimming suspensions},
  journal = 	 {Molecular Physics},
  year = 	 {2014},
  OPTkey = 	 {},
  OPTvolume = 	 {112},
  OPTnumber = 	 {9-10},
  OPTpages = 	 {1389-1397},
  OPTmonth = 	 {},
  OPTnote = 	 {},
  OPTannote = 	 {}
}

@Article{PatternFormation,
  author = 	 {S.Childress, M.Levandowsky and E.Spiegel},
  title = 	 {Pattern formation in a suspension of swimming microorganisms: equations and stability theory},
  journal = 	 {Journal of Fluid Mechanics},
  year = 	 {1975},
  OPTkey = 	 {},
  OPTvolume = 	 {69},
  OPTnumber = 	 {03},
  OPTpages = 	 {591-613},
  OPTmonth = 	 {},
  OPTnote = 	 {},
  OPTannote = 	 {}
}

@Article{StirSwimmers,
  author = 	 {D.O.Pushkin and J.M.Yeomans},
  title = 	 {Stirring by swimmers in confined microenviroments},
  journal = 	 {Journal of Statistical Mechanics Theory & Experiment},
  year = 	 {2014},
  OPTkey = 	 {},
  OPTvolume = 	 {2014},
  OPTnumber = 	 {4},
  OPTpages = 	 {60-75},
  OPTmonth = 	 {},
  OPTnote = 	 {},
  OPTannote = 	 {}
}


@Article{Non-Normal,
  author = 	 {B.Eckhardt and S.Zammert},
  title = 	 {Non-normal tracer diffusion from stirring by swimming microorganisms},
  journal = 	 {The European Physical Journal},
  year = 	 {2012},
  OPTkey = 	 {},
  OPTvolume = 	 {35},
  OPTnumber = 	 {9},
  OPTpages = 	 {1-2},
  OPTmonth = 	 {},
  OPTnote = 	 {},
  OPTannote = 	 {}
}

@Article{Modeling,
  author = 	 {M.Krieger, S.Spagnolie, and T.Powers},
  title = 	 {Modeling the swimming of microbes in anisotropic fluids},
  journal = 	 {APS March Meeting Abstracts},
  year = 	 {2013},
  OPTkey = 	 {},
  OPTvolume = 	 {1},
  OPTnumber = 	 {},
  OPTpages = 	 {1193},
  OPTmonth = 	 {},
  OPTnote = 	 {},
  OPTannote = 	 {}
}

@Article{OrientationalOrder,
  author = 	 {D.Saintillan and M.J.Shelley},
  title = 	 {Orientational order and instabilities in suspnsions of self-locomoting rods},
  journal = 	 {Physical review letters},
  year = 	 {2007},
  OPTkey = 	 {},
  OPTvolume = 	 {99},
  OPTnumber = 	 {5},
  OPTpages = 	 {},
  OPTmonth = 	 {},
  OPTnote = 	 {},
  OPTannote = 	 {}
}

@Article{Brownian,
  author = 	 {Y.Han, A.Alsayed, M.Nobili, J.Zhang, T.C.Lubensky, and A.G.Yodh},
  title = 	 {Brownian motion of an ellipsoid},
  journal = 	 {Science},
  year = 	 {2006},
  OPTkey = 	 {},
  OPTvolume = 	 {314},
  OPTnumber = 	 {5799},
  OPTpages = 	 {626-630},
  OPTmonth = 	 {},
  OPTnote = 	 {},
  OPTannote = 	 {}
}

