@article{Bell:2013wq,
author = {Bell, Sean and Upchurch, Paul and Snavely, Noah and Bala, Kavita},
title = {{OpenSurfaces - A Richly Annotated Catalog of Surface Appearance.}},
journal = {SIGGRAPH},
year = {2013}
}
@article{Boykov:2004vt,
author = {Boykov, Yuri and Kolmogorov, Vladimir},
title = {{An Experimental Comparison of Min-Cut/Max-Flow Algorithms for Energy Minimization in Vision.}},
journal = {TPAMI},
year = {2004}
}
@article{Boykov:1999ug,
author = {Boykov, Yuri and Veksler, Olga and Zabih, Ramin},
title = {{Fast Approximate Energy Minimization via Graph Cuts.}},
journal = {ICCV},
year = {1999}
}
@article{Boykov:2001vv,
author = {Boykov, Yuri and Jolly, Marie-Pierre},
title = {{Interactive Graph Cuts for Optimal Boundary and Region Segmentation of Objects in N-D Images.}},
journal = {ICCV},
year = {2001}
}
@article{Chen:2014tj,
author = {Chen, Liang-Chieh and Papandreou, George and Kokkinos, Iasonas and 0002, Kevin Murphy and Yuille, Alan L},
title = {{Semantic Image Segmentation with Deep Convolutional Nets and Fully Connected CRFs.}},
journal = {ICLR},
year = {2015},
}
@article{Criminisi:2010ut,
author = {Criminisi, Antonio and Sharp, Toby and Rother, Carsten and P{\'e}rez, Patrick},
title = {{Geodesic image and video editing.}},
journal = {SIGGRAPH},
year = {2010}
}
@article{Dai:2015ec,
title = {{BoxSup: Exploiting Bounding Boxes to Supervise Convolutional Networks for Semantic Segmentation}},
journal = {ICCV},
year = {2015}
}
@article{Dai:2015up,
author = {Dai, Jifeng and He, Kaiming and 0001, Jian Sun},
title = {{Convolutional feature masking for joint object and stuff segmentation.}},
journal = {CVPR},
year = {2015}
}
@article{Everingham:2010wz,
author = {Everingham, Mark and Van Gool, Luc J and Williams, Christopher K I and Winn, John M and Zisserman, Andrew},
title = {{The Pascal Visual Object Classes (VOC) Challenge.}},
journal = {IJCV},
year = {2010}
}
@article{Felzenszwalb:2004vl,
author = {Felzenszwalb, Pedro F and Huttenlocher, Daniel P},
title = {{Efficient Graph-Based Image Segmentation.}},
journal = {IJCV},
year = {2004}
}
@article{Grady:2006tj,
author = {Grady, Leo},
title = {{Random Walks for Image Segmentation.}},
journal = {PAMI},
year = {2006}
}
@article{Hariharan:2011uu,
author = {Hariharan, Bharath and Arbelaez, Pablo and Bourdev, Lubomir D and Maji, Subhransu and Malik, Jitendra},
title = {{Semantic contours from inverse detectors.}},
journal = {ICCV},
year = {2011}
}
@article{Kohli:2009kr,
author = {Kohli, Pushmeet and Ladick{\'{y}}, L{\textquoteright}ubor and Torr, Philip H S},
title = {{Robust Higher Order Potentials for Enforcing Label Consistency}},
journal = {International Journal of Computer Vision},
year = {2009},
volume = {82},
number = {3},
pages = {302--324}
}
@article{Krahenbuhl:2011tu,
author = {Kr{\"a}henb{\"u}hl, Philipp and Koltun, Vladlen},
title = {{Efficient Inference in Fully Connected CRFs with Gaussian Edge Potentials.}},
journal = {NIPS},
year = {2011}
}
@article{Lafferty:2001ty,
author = {Lafferty, John D and McCallum, Andrew and Pereira, Fernando C N},
title = {{Conditional Random Fields - Probabilistic Models for Segmenting and Labeling Sequence Data.}},
journal = {ICML},
year = {2001}
}
@article{Levin:2006vj,
author = {Levin, Anat and Lischinski, Dani and Weiss, Yair},
title = {{A Closed Form Solution to Natural Image Matting.}},
journal = {CVPR},
year = {2006}
}
@article{Li:2004uc,
author = {Li, Yin and Jian, Sun and Tang, Chi-Keung and Shum, Heung-Yeung},
title = {{Lazy snapping.}},
journal = {SIGGRAPH},
year = {2004}
}
@article{Lin:2014vm,
author = {Lin, Tsung-Yi and Maire, Michael and Belongie, Serge J and Hays, James and Pietro Perona and Ramanan, Deva and Doll{\'a}r, Piotr and Zitnick, C Lawrence},
title = {{Microsoft COCO - Common Objects in Context.}},
journal = {ECCV},
year = {2014}
}
@article{Liu:2009vy,
author = {Liu, Jiangyu and 0001, Jian Sun and Shum, Heung-Yeung},
title = {{Paint selection.}},
journal = {SIGGRAPH},
year = {2009}
}
@article{Liu:2015ts,
author = {Liu, Ziwei and Li, Xiaoxiao and Luo, Ping and Loy, Chen Change and Tang, Xiaoou},
title = {{Semantic Image Segmentation via Deep Parsing Network.}},
journal = {ICCV},
year = {2015}
}
@article{Long:2015um,
author = {Long, Jonathan and Shelhamer, Evan and Darrell, Trevor},
title = {{Fully convolutional networks for semantic segmentation.}},
journal = {CVPR},
year = {2015}
}
@article{Mottaghi:2014ti,
author = {Mottaghi, Roozbeh and Chen, Xianjie and Liu, Xiaobai and Cho, Nam-Gyu and Lee, Seong-Whan and Fidler, Sanja and Urtasun, Raquel and Yuille, Alan L},
title = {{The Role of Context for Object Detection and Semantic Segmentation in the Wild.}},
journal = {CVPR},
year = {2014}
}
@article{Noh:2015tv,
author = {Noh, Hyeonwoo and Hong, Seunghoon and Han, Bohyung},
title = {{Learning Deconvolution Network for Semantic Segmentation.}},
journal = {ICCV},
year = {2015},
}
@article{Papandreou:2015tt,
author = {Papandreou, George and Chen, Liang-Chieh and Murphy, Kevin P and Yuille, Alan L},
title = {{Weakly-and Semi-Supervised Learning of a Deep Convolutional Network for Semantic Image Segmentation.}},
journal = {ICCV},
year = {2015}
}
@article{Pathak:2014vm,
author = {Pathak, Deepak and Shelhamer, Evan and Long, Jonathan and Darrell, Trevor},
title = {{Fully Convolutional Multi-Class Multiple Instance Learning.}},
journal = {CoRR},
year = {2014},
}
@article{Rother:2004ek,
author = {Rother, Carsten and Kolmogorov, Vladimir and Blake, Andrew},
title = {{"GrabCut"}},
journal = {ACM Transactions on Graphics},
year = {2004},
}
@article{Bearman:2016vi,
author = {Bearman, Amy L and Russakovsky, Olga and Ferrari, Vittorio and Li, Fei-Fei},
title = {{What's the Point - Semantic Segmentation with Point Supervision.}},
journal = {ECCV},
year = {2016}
}
@article{Russakovsky:2014via,
author = {Russakovsky, Olga and Deng, Jia and Su, Hao and Krause, Jonathan and Satheesh, Sanjeev and Ma, Sean and Huang, Zhiheng and Karpathy, Andrej and Khosla, Aditya and Bernstein, Michael S and Berg, Alexander C and Li, Fei-Fei},
title = {{ImageNet Large Scale Visual Recognition Challenge.}},
journal = {CoRR},
year = {2014}
}
@article{Shotton:2006tm,
author = {Shotton, Jamie and Winn, John M and Rother, Carsten and Criminisi, Antonio},
title = {{TextonBoost - Joint Appearance, Shape and Context Modeling for Multi-class Object Recognition and Segmentation.}},
journal = {ECCV},
year = {2006}
}
@article{Simonyan:2014ws,
author = {Simonyan, Karen and Zisserman, Andrew},
title = {{Very Deep Convolutional Networks for Large-Scale Image Recognition}},
journal = {ICLR},
year = {2015},
}
@article{Zheng:2015vm,
author = {Shuai, Zheng and Jayasumana, Sadeep and Romera-Paredes, Bernardino and Vineet, Vibhav and Su, Zhizhong and Du, Dalong and Huang, Chang and Torr, Philip H S},
title = {{Conditional Random Fields as Recurrent Neural Networks.}},
journal = {ICCV},
year = {2015}
}











