@article{PhysRevD.73.014019,
  title = {Phases of QCD: Lattice thermodynamics and a field theoretical model},
  author = {Ratti, Claudia and Thaler, Michael A. and Weise, Wolfram},
  journal = {Phys. Rev. D},
  volume = {73},
  issue = {1},
  pages = {014019},
  numpages = {10},
  year = {2006},
  month = {Jan},
  publisher = {American Physical Society},
}


@article{PhysRevD074023,
  title = {Phase structure of the Polyakov-quark-meson model},
  author = {Schaefer, B.-J. and Pawlowski, J. M. and Wambach, J.},
  journal = {Phys. Rev. D},
  volume = {76},
  issue = {7},
  pages = {074023},
  numpages = {11},
  year = {2007},
  month = {Oct},
  publisher = {American Physical Society}
 }
 
@article{HERBST201158,
title = "The phase structure of the Polyakov–quark–meson model beyond mean field",
journal = "Physics Letters B",
volume = "696",
number = "1",
pages = "58 - 67",
year = "2011",
issn = "0370-2693",
author = "Tina Katharina Herbst and Jan M. Pawlowski and Bernd-Jochen Schaefer"
}

@article{PhysRevC.83.054904,
  title = {Quark number fluctuations in the Polyakov loop-extended quark-meson model at finite baryon density},
  author = {Skokov, V. and Friman, B. and Redlich, K.},
  journal = {Phys. Rev. C},
  volume = {83},
  issue = {5},
  pages = {054904},
  numpages = {11},
  year = {2011},
  month = {May},
  publisher = {American Physical Society}
}

@article{KOJO201037,
	title = "Quarkyonic chiral spirals",
	journal = "Nuclear Physics A",
	volume = "843",
	number = "1",
	pages = "37 - 58",
	year = "2010",
	issn = "0375-9474",
	author = "Toru Kojo and Yoshimasa Hidaka and Larry McLerran and Robert D. Pisarski",
}

@article{PhysRevLett.103.072301,
	title = {How Many Phases Meet at the Chiral Critical Point?},
	author = {Nickel, Dominik},
	journal = {Phys. Rev. Lett.},
	volume = {103},
	issue = {7},
	pages = {072301},
	numpages = {4},
	year = {2009},
	month = {Aug},
	publisher = {American Physical Society}
}

@article{MCLERRAN200783,
	title = "Phases of dense quarks at large Nc",
	journal = "Nuclear Physics A",
	volume = "796",
	number = "1",
	pages = "83 - 100",
	year = "2007",
	issn = "0375-9474"
	author = "Larry McLerran and Robert D. Pisarski",
}

@article{PhysRevLett.103.052003,
	title = {Deconfinement Phase Transition and the Quark Condensate},
	author = {Fischer, Christian S.},
	journal = {Phys. Rev. Lett.},
	volume = {103},
	issue = {5},
	pages = {052003},
	numpages = {4},
	year = {2009},
	month = {Jul},
	publisher = {American Physical Society},
}

@article{Fischer2010,
	author = {Fischer, Christian S and Maas, Axel and M{\"{u}}ller, Jens A},
	issn = {1434-6052},
	journal = {The European Physical Journal C},
	number = {1},
	pages = {165--181},
	volume = {68},
	year = {2010}
}

@article{FISCHER2011438,
	title = "Chiral and deconfinement phase transitions of two-flavour QCD at finite temperature and chemical potential",
	journal = "Physics Letters B",
	volume = "702",
	number = "5",
	pages = "438 - 441",
	year = "2011",
	issn = "0370-2693",
	author = "Christian S. Fischer and Jan Luecker and Jens A. Mueller",
}

@article{BRAUN2010262,
	title = "Quark confinement from colour confinement",
	journal = "Physics Letters B",
	volume = "684",
	number = "4",
	pages = "262 - 267",
	year = "2010",
	issn = "0370-2693",
	author = "Jens Braun and Holger Gies and Jan M. Pawlowski",
}

@article{PhysRevLett.106.022002,
	title = {Phase Structure of Two-Flavor QCD at Finite Chemical Potential},
	author = {Braun, Jens and Haas, Lisa M. and Marhauser, Florian and Pawlowski, Jan M.},
	journal = {Phys. Rev. Lett.},
	volume = {106},
	issue = {2},
	pages = {022002},
	numpages = {4},
	year = {2011},
	month = {Jan},
	publisher = {American Physical Society}
}

@article{PhysRevD.84.054013,
	title = {Critical scaling at the QCD ${N}_{f}\mathbf{=}2$ chiral phase transition},
	author = {Fischer, Christian S. and Mueller, Jens A.},
	journal = {Phys. Rev. D},
	volume = {84},
	issue = {5},
	pages = {054013},
	numpages = {9},
	year = {2011},
	month = {Sep},
	publisher = {American Physical Society}
}

@article{PhysRevLett.97.032003,
	title = {Linking Confinement to Spectral Properties of the Dirac Operator},
	author = {Gattringer, Christof},
	journal = {Phys. Rev. Lett.},
	volume = {97},
	issue = {3},
	pages = {032003},
	numpages = {4},
	year = {2006},
	month = {Jul},
	publisher = {American Physical Society}
}

@article{PhysRevD.75.114003,
	title = {Spectral sums of the Dirac-Wilson operator and their relation to the Polyakov loop},
	author = {Synatschke, Franziska and Wipf, Andreas and Wozar, Christian},
	journal = {Phys. Rev. D},
	volume = {75},
	issue = {11},
	pages = {114003},
	numpages = {11},
	year = {2007},
	month = {Jun},
	publisher = {American Physical Society}
}

@article{PhysRevD.77.094007,
	title = {Dual quark condensate and dressed Polyakov loops},
	author = {Bilgici, Erek and Bruckmann, Falk and Gattringer, Christof and Hagen, Christian},
	journal = {Phys. Rev. D},
	volume = {77},
	issue = {9},
	pages = {094007},
	numpages = {5},
	year = {2008},
	month = {May},
	publisher = {American Physical Society}
}

@article{PhysRevD.75.076003,
	title = {Infrared properties of propagators in Landau-gauge pure Yang-Mills theory at finite temperature},
	author = {Cucchieri, Attilio and Maas, Axel and Mendes, Tereza},
	journal = {Phys. Rev. D},
	volume = {75},
	issue = {7},
	pages = {076003},
	numpages = {23},
	year = {2007},
	month = {Apr},
	publisher = {American Physical Society}
}

@article{PhysRevD.78.074505,
	title = {Finite-temperature chiral condensate and low-lying Dirac eigenvalues in quenched $SU(2)$ lattice gauge theory},
	author = {Buividovich, P. V. and Luschevskaya, E. V. and Polikarpov, M. I.},
	journal = {Phys. Rev. D},
	volume = {78},
	issue = {7},
	pages = {074505},
	numpages = {8},
	year = {2008},
	month = {Oct},
	publisher = {American Physical Society}
}

@article{DEFORCRAND2002290,
	title = {The QCD phase diagram for small densities from imaginary chemical potential},
	journal = {Nuclear Physics B},
	volume = {642},
	number = {1},
	pages = {290 - 306},
	year = {2002},
	issn = {0550-3213},
	author = {Philippe de Forcrand and Owe Philipsen}
}















@ARTICLE{LancichinettiFortunato2009,
  author  = {Lancichinetti, A. and Fortunato, S.},
  title   = {Benchmarks for testing community detection algorithms on directed and weighted graphs with overlapping communities},
  journal = {Phys. Rev. E.}, 
  volume  = {80},
  year    = {2009},
  pages   = {016118}
}

@CONFERENCE{HullermeierRifqi2009,
  author  = {Hullermeier, E. and Rifqi, M.},
  title   = {A Fuzzy Variant of the Rand Index for Comparing Clustering Structures},
  booktitle = {in Proc. IFSA/EUSFLAT Conf.}, 
  year    = {2009},
  pages   = {1294-1298}
}
